<record><leader>00000cas a22000007a 4500</leader><controlfield tag="001">13732126</controlfield><controlfield tag="008">860614d18911903iaucr ne      0    0eng d</controlfield><datafield ind1=" " ind2=" " tag="010"><subfield code="a">sn 86060112 </subfield></datafield><datafield ind1=" " ind2=" " tag="040"><subfield code="a">INP</subfield><subfield code="b">eng</subfield><subfield code="c">INP</subfield><subfield code="d">OCLCQ</subfield></datafield><datafield ind1=" " ind2=" " tag="042"><subfield code="a">msc</subfield></datafield><datafield ind1="0" ind2=" " tag="130"><subfield code="a">Herald (Eldora, Iowa : 1891)</subfield></datafield><datafield ind1="1" ind2="4" tag="245"><subfield code="a">The herald.</subfield></datafield><datafield ind1="1" ind2="3" tag="246"><subfield code="a">Eldora herald</subfield><subfield code="f">Mar. 19-June 18, 1891</subfield></datafield><datafield ind1=" " ind2=" " tag="260"><subfield code="a">Eldora, Hardin County, Iowa :</subfield><subfield code="b">[J.S. Ross],</subfield><subfield code="c">1891-1903.</subfield></datafield><datafield ind1=" " ind2=" " tag="300"><subfield code="a">13 v. :</subfield><subfield code="b">ill.</subfield></datafield><datafield ind1=" " ind2=" " tag="310"><subfield code="a">Semiweekly,</subfield><subfield code="b">Sept. 28, 1897-Jan. 17, 1903</subfield></datafield><datafield ind1=" " ind2=" " tag="321"><subfield code="a">Weekly,</subfield><subfield code="b">Mar. 19, 1891-Sept. 23, 1897</subfield></datafield><datafield ind1="0" ind2=" " tag="362"><subfield code="a">Vol. 19, no. 25 (Mar. 19, 1891)-v. 31, no. 2 (Jan. 17, 1903).</subfield></datafield><datafield ind1=" " ind2=" " tag="500"><subfield code="a">Publisher varies.</subfield></datafield><datafield ind1=" " ind2=" " tag="500"><subfield code="a">Official paper of Hardin County.</subfield></datafield><datafield ind1=" " ind2=" " tag="500"><subfield code="a">Includes separately numbered weekly sections called: Steamboat Rock echo, v. 1, no. 1 (May 20, 1897)--v. 2, no. 65 (Aug. 16, 1899); Providence review, v. 1, no. 1 (Oct. 26, 1898)-v. 1, no. 43 (Aug. 16, 1899); Whitten promoter, v. 1, no. 1 (Jan. 25, 1900)-v. 1, no. 30 (Aug. 16, 1899).</subfield></datafield><datafield ind1=" " ind2=" " tag="500"><subfield code="a">Originally edited by: J.S. Ross.</subfield></datafield><datafield ind1=" " ind2=" " tag="515"><subfield code="a">Occasional errors in numbering.</subfield></datafield><datafield ind1=" " ind2=" " tag="525"><subfield code="a">Includes occasional supplements.</subfield></datafield><datafield ind1=" " ind2=" " tag="752"><subfield code="a">United States</subfield><subfield code="b">Iowa</subfield><subfield code="c">Hardin</subfield><subfield code="d">Eldora.</subfield></datafield><datafield ind1=" " ind2=" " tag="752"><subfield code="a">United States</subfield><subfield code="b">Iowa</subfield><subfield code="c">Hardin</subfield><subfield code="d">Steamboat Rock.</subfield></datafield><datafield ind1=" " ind2=" " tag="752"><subfield code="a">United States</subfield><subfield code="b">Iowa</subfield><subfield code="c">Hardin</subfield><subfield code="d">New Providence.</subfield></datafield><datafield ind1=" " ind2=" " tag="752"><subfield code="a">United States</subfield><subfield code="b">Iowa</subfield><subfield code="c">Hardin</subfield><subfield code="d">Whitten.</subfield></datafield><datafield ind1="0" ind2="0" tag="780"><subfield code="t">Eldora herald (Eldora, Iowa : 1882)</subfield><subfield code="w">(DLC)sn 86060117</subfield></datafield><datafield ind1="0" ind2="0" tag="785"><subfield code="t">Semi-weekly herald (Eldora, Iowa)</subfield><subfield code="w">(DLC)sn 86060013</subfield></datafield><datafield ind1="1" ind2=" " tag="787"><subfield code="t">Steamboat Rock echo</subfield></datafield><datafield ind1="1" ind2=" " tag="787"><subfield code="t">Providence review</subfield></datafield><datafield ind1="1" ind2=" " tag="787"><subfield code="t">Whitten promoter</subfield></datafield><datafield ind1="1" ind2=" " tag="029"><subfield code="a">AU@</subfield><subfield code="b">000025808795</subfield></datafield></record>